@article{proctor1991instabilities,
  title={Instabilities of roll-like patterns for degenerate marginal curves},
  author={Proctor, Michael RE},
  journal={Physics of Fluids A: Fluid Dynamics},
  volume={3},
  pages={299},
  year={1991}
}

@phdthesis{bentley2012localised,
  title={Localised Solutions in the Magnetorotational Taylor-Couette Flow with a Quartic Marginal Stability Curve},
  author={Bentley, David Christopher},
  school={University of Leeds},
  year={2012}
}

@article{lifshitz1997theoretical,
  title={Theoretical model for Faraday waves with multiple-frequency forcing},
  author={Lifshitz, Ron and Petrich, Dean M},
  journal={Physical review letters},
  volume={79},
  number={7},
  pages={1261},
  year={1997},
  publisher={APS}
}

@article{riley1989eckhaus,
  title={Eckhaus instabilities in generalized Landau--Ginzburg equations},
  author={Riley, David S and Davis, Stephen H},
  journal={Physics of Fluids A: Fluid Dynamics},
  volume={1},
  pages={1745},
  year={1989}
}